company,sector,indices,period_type,period,sales,net_profit,roe,eps,debt_equity,dividend_yield,avg_price
Infosys,IT,"Nifty 50,BSE 30",annual,2015,137660.73,6602.0,15.26,163.22,0.81,1.07,1405.47
Infosys,IT,"Nifty 50,BSE 30",quarterly,2015-Q1,34415.1825,1650.5,15.26,40.805,0.81,0.2675,1405.47
Infosys,IT,"Nifty 50,BSE 30",quarterly,2015-Q2,34415.1825,1650.5,15.26,40.805,0.81,0.2675,1405.47
Infosys,IT,"Nifty 50,BSE 30",quarterly,2015-Q3,34415.1825,1650.5,15.26,40.805,0.81,0.2675,1405.47
Infosys,IT,"Nifty 50,BSE 30",quarterly,2015-Q4,34415.1825,1650.5,15.26,40.805,0.81,0.2675,1405.47
Infosys,IT,"Nifty 50,BSE 30",annual,2016,124887.18,21738.18,16.85,10.97,0.14,3.02,828.65
Infosys,IT,"Nifty 50,BSE 30",quarterly,2016-Q1,31221.795,5434.545,16.85,2.7425,0.14,0.755,828.65
Infosys,IT,"Nifty 50,BSE 30",quarterly,2016-Q2,31221.795,5434.545,16.85,2.7425,0.14,0.755,828.65
Infosys,IT,"Nifty 50,BSE 30",quarterly,2016-Q3,31221.795,5434.545,16.85,2.7425,0.14,0.755,828.65
Infosys,IT,"Nifty 50,BSE 30",quarterly,2016-Q4,31221.795,5434.545,16.85,2.7425,0.14,0.755,828.65
Infosys,IT,"Nifty 50,BSE 30",annual,2017,25907.97,23281.91,15.94,91.37,0.77,1.13,1165.28
Infosys,IT,"Nifty 50,BSE 30",quarterly,2017-Q1,6476.9925,5820.4775,15.94,22.8425,0.77,0.2825,1165.28
Infosys,IT,"Nifty 50,BSE 30",quarterly,2017-Q2,6476.9925,5820.4775,15.94,22.8425,0.77,0.2825,1165.28
Infosys,IT,"Nifty 50,BSE 30",quarterly,2017-Q3,6476.9925,5820.4775,15.94,22.8425,0.77,0.2825,1165.28
Infosys,IT,"Nifty 50,BSE 30",quarterly,2017-Q4,6476.9925,5820.4775,15.94,22.8425,0.77,0.2825,1165.28
Infosys,IT,"Nifty 50,BSE 30",annual,2018,76877.31,8772.07,11.88,178.43,0.19,3.13,2649.5
Infosys,IT,"Nifty 50,BSE 30",quarterly,2018-Q1,19219.3275,2193.0175,11.88,44.6075,0.19,0.7825,2649.5
Infosys,IT,"Nifty 50,BSE 30",quarterly,2018-Q2,19219.3275,2193.0175,11.88,44.6075,0.19,0.7825,2649.5
Infosys,IT,"Nifty 50,BSE 30",quarterly,2018-Q3,19219.3275,2193.0175,11.88,44.6075,0.19,0.7825,2649.5
Infosys,IT,"Nifty 50,BSE 30",quarterly,2018-Q4,19219.3275,2193.0175,11.88,44.6075,0.19,0.7825,2649.5
Infosys,IT,"Nifty 50,BSE 30",annual,2019,135328.84,18383.77,17.73,57.0,1.5,2.91,2685.57
Infosys,IT,"Nifty 50,BSE 30",quarterly,2019-Q1,33832.21,4595.9425,17.73,14.25,1.5,0.7275,2685.57
Infosys,IT,"Nifty 50,BSE 30",quarterly,2019-Q2,33832.21,4595.9425,17.73,14.25,1.5,0.7275,2685.57
Infosys,IT,"Nifty 50,BSE 30",quarterly,2019-Q3,33832.21,4595.9425,17.73,14.25,1.5,0.7275,2685.57
Infosys,IT,"Nifty 50,BSE 30",quarterly,2019-Q4,33832.21,4595.9425,17.73,14.25,1.5,0.7275,2685.57
Infosys,IT,"Nifty 50,BSE 30",annual,2020,85300.18,14116.97,11.85,119.31,0.25,3.25,2085.27
Infosys,IT,"Nifty 50,BSE 30",quarterly,2020-Q1,21325.045,3529.2425,11.85,29.8275,0.25,0.8125,2085.27
Infosys,IT,"Nifty 50,BSE 30",quarterly,2020-Q2,21325.045,3529.2425,11.85,29.8275,0.25,0.8125,2085.27
Infosys,IT,"Nifty 50,BSE 30",quarterly,2020-Q3,21325.045,3529.2425,11.85,29.8275,0.25,0.8125,2085.27
Infosys,IT,"Nifty 50,BSE 30",quarterly,2020-Q4,21325.045,3529.2425,11.85,29.8275,0.25,0.8125,2085.27
Infosys,IT,"Nifty 50,BSE 30",annual,2021,109615.41,5787.26,8.39,36.27,0.75,0.8,2138.69
Infosys,IT,"Nifty 50,BSE 30",quarterly,2021-Q1,27403.8525,1446.815,8.39,9.0675,0.75,0.2,2138.69
Infosys,IT,"Nifty 50,BSE 30",quarterly,2021-Q2,27403.8525,1446.815,8.39,9.0675,0.75,0.2,2138.69
Infosys,IT,"Nifty 50,BSE 30",quarterly,2021-Q3,27403.8525,1446.815,8.39,9.0675,0.75,0.2,2138.69
Infosys,IT,"Nifty 50,BSE 30",quarterly,2021-Q4,27403.8525,1446.815,8.39,9.0675,0.75,0.2,2138.69
Infosys,IT,"Nifty 50,BSE 30",annual,2022,89733.36,11921.57,17.32,171.81,0.11,1.03,2845.13
Infosys,IT,"Nifty 50,BSE 30",quarterly,2022-Q1,22433.34,2980.3925,17.32,42.9525,0.11,0.2575,2845.13
Infosys,IT,"Nifty 50,BSE 30",quarterly,2022-Q2,22433.34,2980.3925,17.32,42.9525,0.11,0.2575,2845.13
Infosys,IT,"Nifty 50,BSE 30",quarterly,2022-Q3,22433.34,2980.3925,17.32,42.9525,0.11,0.2575,2845.13
Infosys,IT,"Nifty 50,BSE 30",quarterly,2022-Q4,22433.34,2980.3925,17.32,42.9525,0.11,0.2575,2845.13
Infosys,IT,"Nifty 50,BSE 30",annual,2023,107989.75,18033.72,15.25,90.03,0.89,3.13,273.91
Infosys,IT,"Nifty 50,BSE 30",quarterly,2023-Q1,26997.4375,4508.43,15.25,22.5075,0.89,0.7825,273.91
Infosys,IT,"Nifty 50,BSE 30",quarterly,2023-Q2,26997.4375,4508.43,15.25,22.5075,0.89,0.7825,273.91
Infosys,IT,"Nifty 50,BSE 30",quarterly,2023-Q3,26997.4375,4508.43,15.25,22.5075,0.89,0.7825,273.91
Infosys,IT,"Nifty 50,BSE 30",quarterly,2023-Q4,26997.4375,4508.43,15.25,22.5075,0.89,0.7825,273.91
Infosys,IT,"Nifty 50,BSE 30",annual,2024,98727.5,5628.98,11.9,85.25,0.52,2.02,1694.47
Infosys,IT,"Nifty 50,BSE 30",quarterly,2024-Q1,24681.875,1407.245,11.9,21.3125,0.52,0.505,1694.47
Infosys,IT,"Nifty 50,BSE 30",quarterly,2024-Q2,24681.875,1407.245,11.9,21.3125,0.52,0.505,1694.47
Infosys,IT,"Nifty 50,BSE 30",quarterly,2024-Q3,24681.875,1407.245,11.9,21.3125,0.52,0.505,1694.47
Infosys,IT,"Nifty 50,BSE 30",quarterly,2024-Q4,24681.875,1407.245,11.9,21.3125,0.52,0.505,1694.47
TCS,IT,"NSE 500,BSE 30",annual,2015,24742.75,8610.68,15.7,95.9,0.41,3.14,2898.97
TCS,IT,"NSE 500,BSE 30",quarterly,2015-Q1,6185.6875,2152.67,15.7,23.975,0.41,0.785,2898.97
TCS,IT,"NSE 500,BSE 30",quarterly,2015-Q2,6185.6875,2152.67,15.7,23.975,0.41,0.785,2898.97
TCS,IT,"NSE 500,BSE 30",quarterly,2015-Q3,6185.6875,2152.67,15.7,23.975,0.41,0.785,2898.97
TCS,IT,"NSE 500,BSE 30",quarterly,2015-Q4,6185.6875,2152.67,15.7,23.975,0.41,0.785,2898.97
TCS,IT,"NSE 500,BSE 30",annual,2016,140672.88,9844.53,19.44,143.37,1.1,1.51,2237.25
TCS,IT,"NSE 500,BSE 30",quarterly,2016-Q1,35168.22,2461.1325,19.44,35.8425,1.1,0.3775,2237.25
TCS,IT,"NSE 500,BSE 30",quarterly,2016-Q2,35168.22,2461.1325,19.44,35.8425,1.1,0.3775,2237.25
TCS,IT,"NSE 500,BSE 30",quarterly,2016-Q3,35168.22,2461.1325,19.44,35.8425,1.1,0.3775,2237.25
TCS,IT,"NSE 500,BSE 30",quarterly,2016-Q4,35168.22,2461.1325,19.44,35.8425,1.1,0.3775,2237.25
TCS,IT,"NSE 500,BSE 30",annual,2017,51057.88,13000.15,10.75,139.43,0.36,1.57,1059.21
TCS,IT,"NSE 500,BSE 30",quarterly,2017-Q1,12764.47,3250.0375,10.75,34.8575,0.36,0.3925,1059.21
TCS,IT,"NSE 500,BSE 30",quarterly,2017-Q2,12764.47,3250.0375,10.75,34.8575,0.36,0.3925,1059.21
TCS,IT,"NSE 500,BSE 30",quarterly,2017-Q3,12764.47,3250.0375,10.75,34.8575,0.36,0.3925,1059.21
TCS,IT,"NSE 500,BSE 30",quarterly,2017-Q4,12764.47,3250.0375,10.75,34.8575,0.36,0.3925,1059.21
TCS,IT,"NSE 500,BSE 30",annual,2018,115370.64,10844.6,24.27,40.56,0.19,1.85,1752.78
TCS,IT,"NSE 500,BSE 30",quarterly,2018-Q1,28842.66,2711.15,24.27,10.14,0.19,0.4625,1752.78
TCS,IT,"NSE 500,BSE 30",quarterly,2018-Q2,28842.66,2711.15,24.27,10.14,0.19,0.4625,1752.78
TCS,IT,"NSE 500,BSE 30",quarterly,2018-Q3,28842.66,2711.15,24.27,10.14,0.19,0.4625,1752.78
TCS,IT,"NSE 500,BSE 30",quarterly,2018-Q4,28842.66,2711.15,24.27,10.14,0.19,0.4625,1752.78
TCS,IT,"NSE 500,BSE 30",annual,2019,35787.61,10689.12,18.26,109.57,0.82,1.92,945.72
TCS,IT,"NSE 500,BSE 30",quarterly,2019-Q1,8946.9025,2672.28,18.26,27.3925,0.82,0.48,945.72
TCS,IT,"NSE 500,BSE 30",quarterly,2019-Q2,8946.9025,2672.28,18.26,27.3925,0.82,0.48,945.72
TCS,IT,"NSE 500,BSE 30",quarterly,2019-Q3,8946.9025,2672.28,18.26,27.3925,0.82,0.48,945.72
TCS,IT,"NSE 500,BSE 30",quarterly,2019-Q4,8946.9025,2672.28,18.26,27.3925,0.82,0.48,945.72
TCS,IT,"NSE 500,BSE 30",annual,2020,105357.77,28480.74,17.09,145.77,1.34,2.68,3117.34
TCS,IT,"NSE 500,BSE 30",quarterly,2020-Q1,26339.4425,7120.185,17.09,36.4425,1.34,0.67,3117.34
TCS,IT,"NSE 500,BSE 30",quarterly,2020-Q2,26339.4425,7120.185,17.09,36.4425,1.34,0.67,3117.34
TCS,IT,"NSE 500,BSE 30",quarterly,2020-Q3,26339.4425,7120.185,17.09,36.4425,1.34,0.67,3117.34
TCS,IT,"NSE 500,BSE 30",quarterly,2020-Q4,26339.4425,7120.185,17.09,36.4425,1.34,0.67,3117.34
TCS,IT,"NSE 500,BSE 30",annual,2021,93730.02,27843.27,20.81,66.06,1.43,0.63,1875.77
TCS,IT,"NSE 500,BSE 30",quarterly,2021-Q1,23432.505,6960.8175,20.81,16.515,1.43,0.1575,1875.77
TCS,IT,"NSE 500,BSE 30",quarterly,2021-Q2,23432.505,6960.8175,20.81,16.515,1.43,0.1575,1875.77
TCS,IT,"NSE 500,BSE 30",quarterly,2021-Q3,23432.505,6960.8175,20.81,16.515,1.43,0.1575,1875.77
TCS,IT,"NSE 500,BSE 30",quarterly,2021-Q4,23432.505,6960.8175,20.81,16.515,1.43,0.1575,1875.77
TCS,IT,"NSE 500,BSE 30",annual,2022,33993.65,12979.95,20.92,22.37,0.42,1.6,2714.51
TCS,IT,"NSE 500,BSE 30",quarterly,2022-Q1,8498.4125,3244.9875,20.92,5.5925,0.42,0.4,2714.51
TCS,IT,"NSE 500,BSE 30",quarterly,2022-Q2,8498.4125,3244.9875,20.92,5.5925,0.42,0.4,2714.51
TCS,IT,"NSE 500,BSE 30",quarterly,2022-Q3,8498.4125,3244.9875,20.92,5.5925,0.42,0.4,2714.51
TCS,IT,"NSE 500,BSE 30",quarterly,2022-Q4,8498.4125,3244.9875,20.92,5.5925,0.42,0.4,2714.51
TCS,IT,"NSE 500,BSE 30",annual,2023,112435.38,9789.14,12.0,153.4,0.17,2.52,252.78
TCS,IT,"NSE 500,BSE 30",quarterly,2023-Q1,28108.845,2447.285,12.0,38.35,0.17,0.63,252.78
TCS,IT,"NSE 500,BSE 30",quarterly,2023-Q2,28108.845,2447.285,12.0,38.35,0.17,0.63,252.78
TCS,IT,"NSE 500,BSE 30",quarterly,2023-Q3,28108.845,2447.285,12.0,38.35,0.17,0.63,252.78
TCS,IT,"NSE 500,BSE 30",quarterly,2023-Q4,28108.845,2447.285,12.0,38.35,0.17,0.63,252.78
TCS,IT,"NSE 500,BSE 30",annual,2024,33547.37,10555.07,9.11,60.6,1.04,1.07,785.14
TCS,IT,"NSE 500,BSE 30",quarterly,2024-Q1,8386.8425,2638.7675,9.11,15.15,1.04,0.2675,785.14
TCS,IT,"NSE 500,BSE 30",quarterly,2024-Q2,8386.8425,2638.7675,9.11,15.15,1.04,0.2675,785.14
TCS,IT,"NSE 500,BSE 30",quarterly,2024-Q3,8386.8425,2638.7675,9.11,15.15,1.04,0.2675,785.14
TCS,IT,"NSE 500,BSE 30",quarterly,2024-Q4,8386.8425,2638.7675,9.11,15.15,1.04,0.2675,785.14
Wipro,IT,"Nifty 50,NSE 500",annual,2015,134834.98,16491.4,24.82,113.23,0.63,1.3,952.75
Wipro,IT,"Nifty 50,NSE 500",quarterly,2015-Q1,33708.745,4122.85,24.82,28.3075,0.63,0.325,952.75
Wipro,IT,"Nifty 50,NSE 500",quarterly,2015-Q2,33708.745,4122.85,24.82,28.3075,0.63,0.325,952.75
Wipro,IT,"Nifty 50,NSE 500",quarterly,2015-Q3,33708.745,4122.85,24.82,28.3075,0.63,0.325,952.75
Wipro,IT,"Nifty 50,NSE 500",quarterly,2015-Q4,33708.745,4122.85,24.82,28.3075,0.63,0.325,952.75
Wipro,IT,"Nifty 50,NSE 500",annual,2016,29773.23,2345.18,11.04,168.01,1.11,2.96,1559.31
Wipro,IT,"Nifty 50,NSE 500",quarterly,2016-Q1,7443.3075,586.295,11.04,42.0025,1.11,0.74,1559.31
Wipro,IT,"Nifty 50,NSE 500",quarterly,2016-Q2,7443.3075,586.295,11.04,42.0025,1.11,0.74,1559.31
Wipro,IT,"Nifty 50,NSE 500",quarterly,2016-Q3,7443.3075,586.295,11.04,42.0025,1.11,0.74,1559.31
Wipro,IT,"Nifty 50,NSE 500",quarterly,2016-Q4,7443.3075,586.295,11.04,42.0025,1.11,0.74,1559.31
Wipro,IT,"Nifty 50,NSE 500",annual,2017,135853.83,17035.03,12.23,141.14,0.5,3.4,2200.07
Wipro,IT,"Nifty 50,NSE 500",quarterly,2017-Q1,33963.4575,4258.7575,12.23,35.285,0.5,0.85,2200.07
Wipro,IT,"Nifty 50,NSE 500",quarterly,2017-Q2,33963.4575,4258.7575,12.23,35.285,0.5,0.85,2200.07
Wipro,IT,"Nifty 50,NSE 500",quarterly,2017-Q3,33963.4575,4258.7575,12.23,35.285,0.5,0.85,2200.07
Wipro,IT,"Nifty 50,NSE 500",quarterly,2017-Q4,33963.4575,4258.7575,12.23,35.285,0.5,0.85,2200.07
Wipro,IT,"Nifty 50,NSE 500",annual,2018,29117.24,5752.54,23.82,36.51,1.13,1.16,3386.16
Wipro,IT,"Nifty 50,NSE 500",quarterly,2018-Q1,7279.31,1438.135,23.82,9.1275,1.13,0.29,3386.16
Wipro,IT,"Nifty 50,NSE 500",quarterly,2018-Q2,7279.31,1438.135,23.82,9.1275,1.13,0.29,3386.16
Wipro,IT,"Nifty 50,NSE 500",quarterly,2018-Q3,7279.31,1438.135,23.82,9.1275,1.13,0.29,3386.16
Wipro,IT,"Nifty 50,NSE 500",quarterly,2018-Q4,7279.31,1438.135,23.82,9.1275,1.13,0.29,3386.16
Wipro,IT,"Nifty 50,NSE 500",annual,2019,74351.01,6283.88,16.81,106.67,0.49,1.11,1766.43
Wipro,IT,"Nifty 50,NSE 500",quarterly,2019-Q1,18587.7525,1570.97,16.81,26.6675,0.49,0.2775,1766.43
Wipro,IT,"Nifty 50,NSE 500",quarterly,2019-Q2,18587.7525,1570.97,16.81,26.6675,0.49,0.2775,1766.43
Wipro,IT,"Nifty 50,NSE 500",quarterly,2019-Q3,18587.7525,1570.97,16.81,26.6675,0.49,0.2775,1766.43
Wipro,IT,"Nifty 50,NSE 500",quarterly,2019-Q4,18587.7525,1570.97,16.81,26.6675,0.49,0.2775,1766.43
Wipro,IT,"Nifty 50,NSE 500",annual,2020,148665.48,25067.79,23.65,179.11,1.5,1.7,1554.04
Wipro,IT,"Nifty 50,NSE 500",quarterly,2020-Q1,37166.37,6266.9475,23.65,44.7775,1.5,0.425,1554.04
Wipro,IT,"Nifty 50,NSE 500",quarterly,2020-Q2,37166.37,6266.9475,23.65,44.7775,1.5,0.425,1554.04
Wipro,IT,"Nifty 50,NSE 500",quarterly,2020-Q3,37166.37,6266.9475,23.65,44.7775,1.5,0.425,1554.04
Wipro,IT,"Nifty 50,NSE 500",quarterly,2020-Q4,37166.37,6266.9475,23.65,44.7775,1.5,0.425,1554.04
Wipro,IT,"Nifty 50,NSE 500",annual,2021,56616.56,25602.13,24.54,142.04,0.84,1.53,2457.28
Wipro,IT,"Nifty 50,NSE 500",quarterly,2021-Q1,14154.14,6400.5325,24.54,35.51,0.84,0.3825,2457.28
Wipro,IT,"Nifty 50,NSE 500",quarterly,2021-Q2,14154.14,6400.5325,24.54,35.51,0.84,0.3825,2457.28
Wipro,IT,"Nifty 50,NSE 500",quarterly,2021-Q3,14154.14,6400.5325,24.54,35.51,0.84,0.3825,2457.28
Wipro,IT,"Nifty 50,NSE 500",quarterly,2021-Q4,14154.14,6400.5325,24.54,35.51,0.84,0.3825,2457.28
Wipro,IT,"Nifty 50,NSE 500",annual,2022,124366.58,27111.82,11.29,47.72,0.92,1.8,335.58
Wipro,IT,"Nifty 50,NSE 500",quarterly,2022-Q1,31091.645,6777.955,11.29,11.93,0.92,0.45,335.58
Wipro,IT,"Nifty 50,NSE 500",quarterly,2022-Q2,31091.645,6777.955,11.29,11.93,0.92,0.45,335.58
Wipro,IT,"Nifty 50,NSE 500",quarterly,2022-Q3,31091.645,6777.955,11.29,11.93,0.92,0.45,335.58
Wipro,IT,"Nifty 50,NSE 500",quarterly,2022-Q4,31091.645,6777.955,11.29,11.93,0.92,0.45,335.58
Wipro,IT,"Nifty 50,NSE 500",annual,2023,41420.23,29427.74,13.63,161.17,1.03,0.54,505.3
Wipro,IT,"Nifty 50,NSE 500",quarterly,2023-Q1,10355.0575,7356.935,13.63,40.2925,1.03,0.135,505.3
Wipro,IT,"Nifty 50,NSE 500",quarterly,2023-Q2,10355.0575,7356.935,13.63,40.2925,1.03,0.135,505.3
Wipro,IT,"Nifty 50,NSE 500",quarterly,2023-Q3,10355.0575,7356.935,13.63,40.2925,1.03,0.135,505.3
Wipro,IT,"Nifty 50,NSE 500",quarterly,2023-Q4,10355.0575,7356.935,13.63,40.2925,1.03,0.135,505.3
Wipro,IT,"Nifty 50,NSE 500",annual,2024,135791.17,18220.05,23.71,105.32,0.46,1.14,387.27
Wipro,IT,"Nifty 50,NSE 500",quarterly,2024-Q1,33947.7925,4555.0125,23.71,26.33,0.46,0.285,387.27
Wipro,IT,"Nifty 50,NSE 500",quarterly,2024-Q2,33947.7925,4555.0125,23.71,26.33,0.46,0.285,387.27
Wipro,IT,"Nifty 50,NSE 500",quarterly,2024-Q3,33947.7925,4555.0125,23.71,26.33,0.46,0.285,387.27
Wipro,IT,"Nifty 50,NSE 500",quarterly,2024-Q4,33947.7925,4555.0125,23.71,26.33,0.46,0.285,387.27
HDFC Bank,Banking,"NSE 500,BSE 30",annual,2015,48594.39,2527.27,12.82,37.9,0.8,3.0,2177.14
HDFC Bank,Banking,"NSE 500,BSE 30",quarterly,2015-Q1,12148.5975,631.8175,12.82,9.475,0.8,0.75,2177.14
HDFC Bank,Banking,"NSE 500,BSE 30",quarterly,2015-Q2,12148.5975,631.8175,12.82,9.475,0.8,0.75,2177.14
HDFC Bank,Banking,"NSE 500,BSE 30",quarterly,2015-Q3,12148.5975,631.8175,12.82,9.475,0.8,0.75,2177.14
HDFC Bank,Banking,"NSE 500,BSE 30",quarterly,2015-Q4,12148.5975,631.8175,12.82,9.475,0.8,0.75,2177.14
HDFC Bank,Banking,"NSE 500,BSE 30",annual,2016,40364.21,4681.3,16.34,36.92,0.64,2.57,482.78
HDFC Bank,Banking,"NSE 500,BSE 30",quarterly,2016-Q1,10091.0525,1170.325,16.34,9.23,0.64,0.6425,482.78
HDFC Bank,Banking,"NSE 500,BSE 30",quarterly,2016-Q2,10091.0525,1170.325,16.34,9.23,0.64,0.6425,482.78
HDFC Bank,Banking,"NSE 500,BSE 30",quarterly,2016-Q3,10091.0525,1170.325,16.34,9.23,0.64,0.6425,482.78
HDFC Bank,Banking,"NSE 500,BSE 30",quarterly,2016-Q4,10091.0525,1170.325,16.34,9.23,0.64,0.6425,482.78
HDFC Bank,Banking,"NSE 500,BSE 30",annual,2017,94265.26,19394.6,15.18,103.2,0.75,1.73,662.36
HDFC Bank,Banking,"NSE 500,BSE 30",quarterly,2017-Q1,23566.315,4848.65,15.18,25.8,0.75,0.4325,662.36
HDFC Bank,Banking,"NSE 500,BSE 30",quarterly,2017-Q2,23566.315,4848.65,15.18,25.8,0.75,0.4325,662.36
HDFC Bank,Banking,"NSE 500,BSE 30",quarterly,2017-Q3,23566.315,4848.65,15.18,25.8,0.75,0.4325,662.36
HDFC Bank,Banking,"NSE 500,BSE 30",quarterly,2017-Q4,23566.315,4848.65,15.18,25.8,0.75,0.4325,662.36
HDFC Bank,Banking,"NSE 500,BSE 30",annual,2018,80045.46,4205.69,20.13,150.49,0.31,2.17,1741.13
HDFC Bank,Banking,"NSE 500,BSE 30",quarterly,2018-Q1,20011.365,1051.4225,20.13,37.6225,0.31,0.5425,1741.13
HDFC Bank,Banking,"NSE 500,BSE 30",quarterly,2018-Q2,20011.365,1051.4225,20.13,37.6225,0.31,0.5425,1741.13
HDFC Bank,Banking,"NSE 500,BSE 30",quarterly,2018-Q3,20011.365,1051.4225,20.13,37.6225,0.31,0.5425,1741.13
HDFC Bank,Banking,"NSE 500,BSE 30",quarterly,2018-Q4,20011.365,1051.4225,20.13,37.6225,0.31,0.5425,1741.13
HDFC Bank,Banking,"NSE 500,BSE 30",annual,2019,76797.12,28371.56,14.7,116.45,0.34,2.94,2903.17
HDFC Bank,Banking,"NSE 500,BSE 30",quarterly,2019-Q1,19199.28,7092.89,14.7,29.1125,0.34,0.735,2903.17
HDFC Bank,Banking,"NSE 500,BSE 30",quarterly,2019-Q2,19199.28,7092.89,14.7,29.1125,0.34,0.735,2903.17
HDFC Bank,Banking,"NSE 500,BSE 30",quarterly,2019-Q3,19199.28,7092.89,14.7,29.1125,0.34,0.735,2903.17
HDFC Bank,Banking,"NSE 500,BSE 30",quarterly,2019-Q4,19199.28,7092.89,14.7,29.1125,0.34,0.735,2903.17
HDFC Bank,Banking,"NSE 500,BSE 30",annual,2020,145664.01,10725.28,19.81,12.54,0.86,1.23,1994.4
HDFC Bank,Banking,"NSE 500,BSE 30",quarterly,2020-Q1,36416.0025,2681.32,19.81,3.135,0.86,0.3075,1994.4
HDFC Bank,Banking,"NSE 500,BSE 30",quarterly,2020-Q2,36416.0025,2681.32,19.81,3.135,0.86,0.3075,1994.4
HDFC Bank,Banking,"NSE 500,BSE 30",quarterly,2020-Q3,36416.0025,2681.32,19.81,3.135,0.86,0.3075,1994.4
HDFC Bank,Banking,"NSE 500,BSE 30",quarterly,2020-Q4,36416.0025,2681.32,19.81,3.135,0.86,0.3075,1994.4
HDFC Bank,Banking,"NSE 500,BSE 30",annual,2021,144089.14,11035.25,20.73,187.24,0.89,2.5,191.45
HDFC Bank,Banking,"NSE 500,BSE 30",quarterly,2021-Q1,36022.285,2758.8125,20.73,46.81,0.89,0.625,191.45
HDFC Bank,Banking,"NSE 500,BSE 30",quarterly,2021-Q2,36022.285,2758.8125,20.73,46.81,0.89,0.625,191.45
HDFC Bank,Banking,"NSE 500,BSE 30",quarterly,2021-Q3,36022.285,2758.8125,20.73,46.81,0.89,0.625,191.45
HDFC Bank,Banking,"NSE 500,BSE 30",quarterly,2021-Q4,36022.285,2758.8125,20.73,46.81,0.89,0.625,191.45
HDFC Bank,Banking,"NSE 500,BSE 30",annual,2022,91312.69,9527.02,24.63,133.82,0.82,2.27,1893.96
HDFC Bank,Banking,"NSE 500,BSE 30",quarterly,2022-Q1,22828.1725,2381.755,24.63,33.455,0.82,0.5675,1893.96
HDFC Bank,Banking,"NSE 500,BSE 30",quarterly,2022-Q2,22828.1725,2381.755,24.63,33.455,0.82,0.5675,1893.96
HDFC Bank,Banking,"NSE 500,BSE 30",quarterly,2022-Q3,22828.1725,2381.755,24.63,33.455,0.82,0.5675,1893.96
HDFC Bank,Banking,"NSE 500,BSE 30",quarterly,2022-Q4,22828.1725,2381.755,24.63,33.455,0.82,0.5675,1893.96
HDFC Bank,Banking,"NSE 500,BSE 30",annual,2023,67937.93,21639.42,16.69,81.74,0.59,1.19,1320.04
HDFC Bank,Banking,"NSE 500,BSE 30",quarterly,2023-Q1,16984.4825,5409.855,16.69,20.435,0.59,0.2975,1320.04
HDFC Bank,Banking,"NSE 500,BSE 30",quarterly,2023-Q2,16984.4825,5409.855,16.69,20.435,0.59,0.2975,1320.04
HDFC Bank,Banking,"NSE 500,BSE 30",quarterly,2023-Q3,16984.4825,5409.855,16.69,20.435,0.59,0.2975,1320.04
HDFC Bank,Banking,"NSE 500,BSE 30",quarterly,2023-Q4,16984.4825,5409.855,16.69,20.435,0.59,0.2975,1320.04
HDFC Bank,Banking,"NSE 500,BSE 30",annual,2024,71307.45,24966.74,12.67,166.78,0.13,1.16,2290.76
HDFC Bank,Banking,"NSE 500,BSE 30",quarterly,2024-Q1,17826.8625,6241.685,12.67,41.695,0.13,0.29,2290.76
HDFC Bank,Banking,"NSE 500,BSE 30",quarterly,2024-Q2,17826.8625,6241.685,12.67,41.695,0.13,0.29,2290.76
HDFC Bank,Banking,"NSE 500,BSE 30",quarterly,2024-Q3,17826.8625,6241.685,12.67,41.695,0.13,0.29,2290.76
HDFC Bank,Banking,"NSE 500,BSE 30",quarterly,2024-Q4,17826.8625,6241.685,12.67,41.695,0.13,0.29,2290.76
ICICI Bank,Banking,"Nifty 50,BSE 30",annual,2015,35178.61,14149.33,23.94,28.58,0.61,3.49,1183.99
ICICI Bank,Banking,"Nifty 50,BSE 30",quarterly,2015-Q1,8794.6525,3537.3325,23.94,7.145,0.61,0.8725,1183.99
ICICI Bank,Banking,"Nifty 50,BSE 30",quarterly,2015-Q2,8794.6525,3537.3325,23.94,7.145,0.61,0.8725,1183.99
ICICI Bank,Banking,"Nifty 50,BSE 30",quarterly,2015-Q3,8794.6525,3537.3325,23.94,7.145,0.61,0.8725,1183.99
ICICI Bank,Banking,"Nifty 50,BSE 30",quarterly,2015-Q4,8794.6525,3537.3325,23.94,7.145,0.61,0.8725,1183.99
ICICI Bank,Banking,"Nifty 50,BSE 30",annual,2016,41541.83,19373.45,17.48,168.23,0.4,2.35,470.84
ICICI Bank,Banking,"Nifty 50,BSE 30",quarterly,2016-Q1,10385.4575,4843.3625,17.48,42.0575,0.4,0.5875,470.84
ICICI Bank,Banking,"Nifty 50,BSE 30",quarterly,2016-Q2,10385.4575,4843.3625,17.48,42.0575,0.4,0.5875,470.84
ICICI Bank,Banking,"Nifty 50,BSE 30",quarterly,2016-Q3,10385.4575,4843.3625,17.48,42.0575,0.4,0.5875,470.84
ICICI Bank,Banking,"Nifty 50,BSE 30",quarterly,2016-Q4,10385.4575,4843.3625,17.48,42.0575,0.4,0.5875,470.84
ICICI Bank,Banking,"Nifty 50,BSE 30",annual,2017,127996.67,8567.81,12.45,110.86,0.5,3.32,2124.03
ICICI Bank,Banking,"Nifty 50,BSE 30",quarterly,2017-Q1,31999.1675,2141.9525,12.45,27.715,0.5,0.83,2124.03
ICICI Bank,Banking,"Nifty 50,BSE 30",quarterly,2017-Q2,31999.1675,2141.9525,12.45,27.715,0.5,0.83,2124.03
ICICI Bank,Banking,"Nifty 50,BSE 30",quarterly,2017-Q3,31999.1675,2141.9525,12.45,27.715,0.5,0.83,2124.03
ICICI Bank,Banking,"Nifty 50,BSE 30",quarterly,2017-Q4,31999.1675,2141.9525,12.45,27.715,0.5,0.83,2124.03
ICICI Bank,Banking,"Nifty 50,BSE 30",annual,2018,56078.62,5879.39,17.72,152.76,0.6,2.32,2045.87
ICICI Bank,Banking,"Nifty 50,BSE 30",quarterly,2018-Q1,14019.655,1469.8475,17.72,38.19,0.6,0.58,2045.87
ICICI Bank,Banking,"Nifty 50,BSE 30",quarterly,2018-Q2,14019.655,1469.8475,17.72,38.19,0.6,0.58,2045.87
ICICI Bank,Banking,"Nifty 50,BSE 30",quarterly,2018-Q3,14019.655,1469.8475,17.72,38.19,0.6,0.58,2045.87
ICICI Bank,Banking,"Nifty 50,BSE 30",quarterly,2018-Q4,14019.655,1469.8475,17.72,38.19,0.6,0.58,2045.87
ICICI Bank,Banking,"Nifty 50,BSE 30",annual,2019,126685.21,14795.59,19.77,185.61,0.83,1.95,625.75
ICICI Bank,Banking,"Nifty 50,BSE 30",quarterly,2019-Q1,31671.3025,3698.8975,19.77,46.4025,0.83,0.4875,625.75
ICICI Bank,Banking,"Nifty 50,BSE 30",quarterly,2019-Q2,31671.3025,3698.8975,19.77,46.4025,0.83,0.4875,625.75
ICICI Bank,Banking,"Nifty 50,BSE 30",quarterly,2019-Q3,31671.3025,3698.8975,19.77,46.4025,0.83,0.4875,625.75
ICICI Bank,Banking,"Nifty 50,BSE 30",quarterly,2019-Q4,31671.3025,3698.8975,19.77,46.4025,0.83,0.4875,625.75
ICICI Bank,Banking,"Nifty 50,BSE 30",annual,2020,136728.13,4876.21,15.32,79.22,0.64,1.59,1685.79
ICICI Bank,Banking,"Nifty 50,BSE 30",quarterly,2020-Q1,34182.0325,1219.0525,15.32,19.805,0.64,0.3975,1685.79
ICICI Bank,Banking,"Nifty 50,BSE 30",quarterly,2020-Q2,34182.0325,1219.0525,15.32,19.805,0.64,0.3975,1685.79
ICICI Bank,Banking,"Nifty 50,BSE 30",quarterly,2020-Q3,34182.0325,1219.0525,15.32,19.805,0.64,0.3975,1685.79
ICICI Bank,Banking,"Nifty 50,BSE 30",quarterly,2020-Q4,34182.0325,1219.0525,15.32,19.805,0.64,0.3975,1685.79
ICICI Bank,Banking,"Nifty 50,BSE 30",annual,2021,120318.09,3483.74,10.45,32.09,0.74,2.57,2816.16
ICICI Bank,Banking,"Nifty 50,BSE 30",quarterly,2021-Q1,30079.5225,870.935,10.45,8.0225,0.74,0.6425,2816.16
ICICI Bank,Banking,"Nifty 50,BSE 30",quarterly,2021-Q2,30079.5225,870.935,10.45,8.0225,0.74,0.6425,2816.16
ICICI Bank,Banking,"Nifty 50,BSE 30",quarterly,2021-Q3,30079.5225,870.935,10.45,8.0225,0.74,0.6425,2816.16
ICICI Bank,Banking,"Nifty 50,BSE 30",quarterly,2021-Q4,30079.5225,870.935,10.45,8.0225,0.74,0.6425,2816.16
ICICI Bank,Banking,"Nifty 50,BSE 30",annual,2022,40531.34,26996.07,20.06,155.43,0.32,2.34,1259.03
ICICI Bank,Banking,"Nifty 50,BSE 30",quarterly,2022-Q1,10132.835,6749.0175,20.06,38.8575,0.32,0.585,1259.03
ICICI Bank,Banking,"Nifty 50,BSE 30",quarterly,2022-Q2,10132.835,6749.0175,20.06,38.8575,0.32,0.585,1259.03
ICICI Bank,Banking,"Nifty 50,BSE 30",quarterly,2022-Q3,10132.835,6749.0175,20.06,38.8575,0.32,0.585,1259.03
ICICI Bank,Banking,"Nifty 50,BSE 30",quarterly,2022-Q4,10132.835,6749.0175,20.06,38.8575,0.32,0.585,1259.03
ICICI Bank,Banking,"Nifty 50,BSE 30",annual,2023,96461.92,14152.43,22.29,57.49,0.26,1.94,2584.91
ICICI Bank,Banking,"Nifty 50,BSE 30",quarterly,2023-Q1,24115.48,3538.1075,22.29,14.3725,0.26,0.485,2584.91
ICICI Bank,Banking,"Nifty 50,BSE 30",quarterly,2023-Q2,24115.48,3538.1075,22.29,14.3725,0.26,0.485,2584.91
ICICI Bank,Banking,"Nifty 50,BSE 30",quarterly,2023-Q3,24115.48,3538.1075,22.29,14.3725,0.26,0.485,2584.91
ICICI Bank,Banking,"Nifty 50,BSE 30",quarterly,2023-Q4,24115.48,3538.1075,22.29,14.3725,0.26,0.485,2584.91
ICICI Bank,Banking,"Nifty 50,BSE 30",annual,2024,79395.11,16064.56,24.56,33.47,0.71,3.23,1511.58
ICICI Bank,Banking,"Nifty 50,BSE 30",quarterly,2024-Q1,19848.7775,4016.14,24.56,8.3675,0.71,0.8075,1511.58
ICICI Bank,Banking,"Nifty 50,BSE 30",quarterly,2024-Q2,19848.7775,4016.14,24.56,8.3675,0.71,0.8075,1511.58
ICICI Bank,Banking,"Nifty 50,BSE 30",quarterly,2024-Q3,19848.7775,4016.14,24.56,8.3675,0.71,0.8075,1511.58
ICICI Bank,Banking,"Nifty 50,BSE 30",quarterly,2024-Q4,19848.7775,4016.14,24.56,8.3675,0.71,0.8075,1511.58
Axis Bank,Banking,"Nifty 50,NSE 500",annual,2015,30943.81,22337.59,14.25,110.14,0.65,1.9,594.94
Axis Bank,Banking,"Nifty 50,NSE 500",quarterly,2015-Q1,7735.9525,5584.3975,14.25,27.535,0.65,0.475,594.94
Axis Bank,Banking,"Nifty 50,NSE 500",quarterly,2015-Q2,7735.9525,5584.3975,14.25,27.535,0.65,0.475,594.94
Axis Bank,Banking,"Nifty 50,NSE 500",quarterly,2015-Q3,7735.9525,5584.3975,14.25,27.535,0.65,0.475,594.94
Axis Bank,Banking,"Nifty 50,NSE 500",quarterly,2015-Q4,7735.9525,5584.3975,14.25,27.535,0.65,0.475,594.94
Axis Bank,Banking,"Nifty 50,NSE 500",annual,2016,57468.56,10707.09,19.65,193.72,0.22,2.85,909.12
Axis Bank,Banking,"Nifty 50,NSE 500",quarterly,2016-Q1,14367.14,2676.7725,19.65,48.43,0.22,0.7125,909.12
Axis Bank,Banking,"Nifty 50,NSE 500",quarterly,2016-Q2,14367.14,2676.7725,19.65,48.43,0.22,0.7125,909.12
Axis Bank,Banking,"Nifty 50,NSE 500",quarterly,2016-Q3,14367.14,2676.7725,19.65,48.43,0.22,0.7125,909.12
Axis Bank,Banking,"Nifty 50,NSE 500",quarterly,2016-Q4,14367.14,2676.7725,19.65,48.43,0.22,0.7125,909.12
Axis Bank,Banking,"Nifty 50,NSE 500",annual,2017,31167.72,11124.25,24.7,12.34,0.75,2.4,3000.79
Axis Bank,Banking,"Nifty 50,NSE 500",quarterly,2017-Q1,7791.93,2781.0625,24.7,3.085,0.75,0.6,3000.79
Axis Bank,Banking,"Nifty 50,NSE 500",quarterly,2017-Q2,7791.93,2781.0625,24.7,3.085,0.75,0.6,3000.79
Axis Bank,Banking,"Nifty 50,NSE 500",quarterly,2017-Q3,7791.93,2781.0625,24.7,3.085,0.75,0.6,3000.79
Axis Bank,Banking,"Nifty 50,NSE 500",quarterly,2017-Q4,7791.93,2781.0625,24.7,3.085,0.75,0.6,3000.79
Axis Bank,Banking,"Nifty 50,NSE 500",annual,2018,82338.93,15859.78,18.91,66.06,0.09,1.69,642.39
Axis Bank,Banking,"Nifty 50,NSE 500",quarterly,2018-Q1,20584.7325,3964.945,18.91,16.515,0.09,0.4225,642.39
Axis Bank,Banking,"Nifty 50,NSE 500",quarterly,2018-Q2,20584.7325,3964.945,18.91,16.515,0.09,0.4225,642.39
Axis Bank,Banking,"Nifty 50,NSE 500",quarterly,2018-Q3,20584.7325,3964.945,18.91,16.515,0.09,0.4225,642.39
Axis Bank,Banking,"Nifty 50,NSE 500",quarterly,2018-Q4,20584.7325,3964.945,18.91,16.515,0.09,0.4225,642.39
Axis Bank,Banking,"Nifty 50,NSE 500",annual,2019,125689.3,26918.1,8.85,77.08,0.77,2.35,2578.16
Axis Bank,Banking,"Nifty 50,NSE 500",quarterly,2019-Q1,31422.325,6729.525,8.85,19.27,0.77,0.5875,2578.16
Axis Bank,Banking,"Nifty 50,NSE 500",quarterly,2019-Q2,31422.325,6729.525,8.85,19.27,0.77,0.5875,2578.16
Axis Bank,Banking,"Nifty 50,NSE 500",quarterly,2019-Q3,31422.325,6729.525,8.85,19.27,0.77,0.5875,2578.16
Axis Bank,Banking,"Nifty 50,NSE 500",quarterly,2019-Q4,31422.325,6729.525,8.85,19.27,0.77,0.5875,2578.16
Axis Bank,Banking,"Nifty 50,NSE 500",annual,2020,92765.43,10032.3,12.81,182.91,0.8,1.15,1706.9
Axis Bank,Banking,"Nifty 50,NSE 500",quarterly,2020-Q1,23191.3575,2508.075,12.81,45.7275,0.8,0.2875,1706.9
Axis Bank,Banking,"Nifty 50,NSE 500",quarterly,2020-Q2,23191.3575,2508.075,12.81,45.7275,0.8,0.2875,1706.9
Axis Bank,Banking,"Nifty 50,NSE 500",quarterly,2020-Q3,23191.3575,2508.075,12.81,45.7275,0.8,0.2875,1706.9
Axis Bank,Banking,"Nifty 50,NSE 500",quarterly,2020-Q4,23191.3575,2508.075,12.81,45.7275,0.8,0.2875,1706.9
Axis Bank,Banking,"Nifty 50,NSE 500",annual,2021,54807.23,18815.36,9.9,136.79,0.12,0.77,1532.77
Axis Bank,Banking,"Nifty 50,NSE 500",quarterly,2021-Q1,13701.8075,4703.84,9.9,34.1975,0.12,0.1925,1532.77
Axis Bank,Banking,"Nifty 50,NSE 500",quarterly,2021-Q2,13701.8075,4703.84,9.9,34.1975,0.12,0.1925,1532.77
Axis Bank,Banking,"Nifty 50,NSE 500",quarterly,2021-Q3,13701.8075,4703.84,9.9,34.1975,0.12,0.1925,1532.77
Axis Bank,Banking,"Nifty 50,NSE 500",quarterly,2021-Q4,13701.8075,4703.84,9.9,34.1975,0.12,0.1925,1532.77
Axis Bank,Banking,"Nifty 50,NSE 500",annual,2022,140955.46,6613.6,13.32,169.45,0.62,0.54,1620.52
Axis Bank,Banking,"Nifty 50,NSE 500",quarterly,2022-Q1,35238.865,1653.4,13.32,42.3625,0.62,0.135,1620.52
Axis Bank,Banking,"Nifty 50,NSE 500",quarterly,2022-Q2,35238.865,1653.4,13.32,42.3625,0.62,0.135,1620.52
Axis Bank,Banking,"Nifty 50,NSE 500",quarterly,2022-Q3,35238.865,1653.4,13.32,42.3625,0.62,0.135,1620.52
Axis Bank,Banking,"Nifty 50,NSE 500",quarterly,2022-Q4,35238.865,1653.4,13.32,42.3625,0.62,0.135,1620.52
Axis Bank,Banking,"Nifty 50,NSE 500",annual,2023,112336.17,4463.43,10.69,50.07,0.22,2.85,3250.0
Axis Bank,Banking,"Nifty 50,NSE 500",quarterly,2023-Q1,28084.0425,1115.8575,10.69,12.5175,0.22,0.7125,3250.0
Axis Bank,Banking,"Nifty 50,NSE 500",quarterly,2023-Q2,28084.0425,1115.8575,10.69,12.5175,0.22,0.7125,3250.0
Axis Bank,Banking,"Nifty 50,NSE 500",quarterly,2023-Q3,28084.0425,1115.8575,10.69,12.5175,0.22,0.7125,3250.0
Axis Bank,Banking,"Nifty 50,NSE 500",quarterly,2023-Q4,28084.0425,1115.8575,10.69,12.5175,0.22,0.7125,3250.0
Axis Bank,Banking,"Nifty 50,NSE 500",annual,2024,105110.58,3003.89,9.89,168.72,0.34,1.03,1361.42
Axis Bank,Banking,"Nifty 50,NSE 500",quarterly,2024-Q1,26277.645,750.9725,9.89,42.18,0.34,0.2575,1361.42
Axis Bank,Banking,"Nifty 50,NSE 500",quarterly,2024-Q2,26277.645,750.9725,9.89,42.18,0.34,0.2575,1361.42
Axis Bank,Banking,"Nifty 50,NSE 500",quarterly,2024-Q3,26277.645,750.9725,9.89,42.18,0.34,0.2575,1361.42
Axis Bank,Banking,"Nifty 50,NSE 500",quarterly,2024-Q4,26277.645,750.9725,9.89,42.18,0.34,0.2575,1361.42
Reliance Industries,Energy,"Nifty 50,NSE 500,BSE 30",annual,2015,77932.9,5415.7,15.61,56.93,0.62,2.29,1429.27
Reliance Industries,Energy,"Nifty 50,NSE 500,BSE 30",quarterly,2015-Q1,19483.225,1353.925,15.61,14.2325,0.62,0.5725,1429.27
Reliance Industries,Energy,"Nifty 50,NSE 500,BSE 30",quarterly,2015-Q2,19483.225,1353.925,15.61,14.2325,0.62,0.5725,1429.27
Reliance Industries,Energy,"Nifty 50,NSE 500,BSE 30",quarterly,2015-Q3,19483.225,1353.925,15.61,14.2325,0.62,0.5725,1429.27
Reliance Industries,Energy,"Nifty 50,NSE 500,BSE 30",quarterly,2015-Q4,19483.225,1353.925,15.61,14.2325,0.62,0.5725,1429.27
Reliance Industries,Energy,"Nifty 50,NSE 500,BSE 30",annual,2016,92202.5,27431.88,10.01,180.66,0.69,2.02,3134.19
Reliance Industries,Energy,"Nifty 50,NSE 500,BSE 30",quarterly,2016-Q1,23050.625,6857.97,10.01,45.165,0.69,0.505,3134.19
Reliance Industries,Energy,"Nifty 50,NSE 500,BSE 30",quarterly,2016-Q2,23050.625,6857.97,10.01,45.165,0.69,0.505,3134.19
Reliance Industries,Energy,"Nifty 50,NSE 500,BSE 30",quarterly,2016-Q3,23050.625,6857.97,10.01,45.165,0.69,0.505,3134.19
Reliance Industries,Energy,"Nifty 50,NSE 500,BSE 30",quarterly,2016-Q4,23050.625,6857.97,10.01,45.165,0.69,0.505,3134.19
Reliance Industries,Energy,"Nifty 50,NSE 500,BSE 30",annual,2017,51568.3,24445.39,16.52,45.99,1.27,0.99,2651.02
Reliance Industries,Energy,"Nifty 50,NSE 500,BSE 30",quarterly,2017-Q1,12892.075,6111.3475,16.52,11.4975,1.27,0.2475,2651.02
Reliance Industries,Energy,"Nifty 50,NSE 500,BSE 30",quarterly,2017-Q2,12892.075,6111.3475,16.52,11.4975,1.27,0.2475,2651.02
Reliance Industries,Energy,"Nifty 50,NSE 500,BSE 30",quarterly,2017-Q3,12892.075,6111.3475,16.52,11.4975,1.27,0.2475,2651.02
Reliance Industries,Energy,"Nifty 50,NSE 500,BSE 30",quarterly,2017-Q4,12892.075,6111.3475,16.52,11.4975,1.27,0.2475,2651.02
Reliance Industries,Energy,"Nifty 50,NSE 500,BSE 30",annual,2018,22426.47,25529.22,24.69,253.94,0.19,2.31,1456.82
Reliance Industries,Energy,"Nifty 50,NSE 500,BSE 30",quarterly,2018-Q1,5606.6175,6382.305,24.69,63.485,0.19,0.5775,1456.82
Reliance Industries,Energy,"Nifty 50,NSE 500,BSE 30",quarterly,2018-Q2,5606.6175,6382.305,24.69,63.485,0.19,0.5775,1456.82
Reliance Industries,Energy,"Nifty 50,NSE 500,BSE 30",quarterly,2018-Q3,5606.6175,6382.305,24.69,63.485,0.19,0.5775,1456.82
Reliance Industries,Energy,"Nifty 50,NSE 500,BSE 30",quarterly,2018-Q4,5606.6175,6382.305,24.69,63.485,0.19,0.5775,1456.82
Reliance Industries,Energy,"Nifty 50,NSE 500,BSE 30",annual,2019,27301.24,21931.33,10.98,279.61,1.44,2.71,118.3
Reliance Industries,Energy,"Nifty 50,NSE 500,BSE 30",quarterly,2019-Q1,6825.31,5482.8325,10.98,69.9025,1.44,0.6775,118.3
Reliance Industries,Energy,"Nifty 50,NSE 500,BSE 30",quarterly,2019-Q2,6825.31,5482.8325,10.98,69.9025,1.44,0.6775,118.3
Reliance Industries,Energy,"Nifty 50,NSE 500,BSE 30",quarterly,2019-Q3,6825.31,5482.8325,10.98,69.9025,1.44,0.6775,118.3
Reliance Industries,Energy,"Nifty 50,NSE 500,BSE 30",quarterly,2019-Q4,6825.31,5482.8325,10.98,69.9025,1.44,0.6775,118.3
Reliance Industries,Energy,"Nifty 50,NSE 500,BSE 30",annual,2020,38054.93,22462.49,19.67,61.15,0.98,1.76,554.62
Reliance Industries,Energy,"Nifty 50,NSE 500,BSE 30",quarterly,2020-Q1,9513.7325,5615.6225,19.67,15.2875,0.98,0.44,554.62
Reliance Industries,Energy,"Nifty 50,NSE 500,BSE 30",quarterly,2020-Q2,9513.7325,5615.6225,19.67,15.2875,0.98,0.44,554.62
Reliance Industries,Energy,"Nifty 50,NSE 500,BSE 30",quarterly,2020-Q3,9513.7325,5615.6225,19.67,15.2875,0.98,0.44,554.62
Reliance Industries,Energy,"Nifty 50,NSE 500,BSE 30",quarterly,2020-Q4,9513.7325,5615.6225,19.67,15.2875,0.98,0.44,554.62
Reliance Industries,Energy,"Nifty 50,NSE 500,BSE 30",annual,2021,127816.88,19073.61,18.7,59.91,0.17,3.13,3180.21
Reliance Industries,Energy,"Nifty 50,NSE 500,BSE 30",quarterly,2021-Q1,31954.22,4768.4025,18.7,14.9775,0.17,0.7825,3180.21
Reliance Industries,Energy,"Nifty 50,NSE 500,BSE 30",quarterly,2021-Q2,31954.22,4768.4025,18.7,14.9775,0.17,0.7825,3180.21
Reliance Industries,Energy,"Nifty 50,NSE 500,BSE 30",quarterly,2021-Q3,31954.22,4768.4025,18.7,14.9775,0.17,0.7825,3180.21
Reliance Industries,Energy,"Nifty 50,NSE 500,BSE 30",quarterly,2021-Q4,31954.22,4768.4025,18.7,14.9775,0.17,0.7825,3180.21
Reliance Industries,Energy,"Nifty 50,NSE 500,BSE 30",annual,2022,52926.22,20325.97,17.08,248.71,0.94,3.03,533.71
Reliance Industries,Energy,"Nifty 50,NSE 500,BSE 30",quarterly,2022-Q1,13231.555,5081.4925,17.08,62.1775,0.94,0.7575,533.71
Reliance Industries,Energy,"Nifty 50,NSE 500,BSE 30",quarterly,2022-Q2,13231.555,5081.4925,17.08,62.1775,0.94,0.7575,533.71
Reliance Industries,Energy,"Nifty 50,NSE 500,BSE 30",quarterly,2022-Q3,13231.555,5081.4925,17.08,62.1775,0.94,0.7575,533.71
Reliance Industries,Energy,"Nifty 50,NSE 500,BSE 30",quarterly,2022-Q4,13231.555,5081.4925,17.08,62.1775,0.94,0.7575,533.71
Reliance Industries,Energy,"Nifty 50,NSE 500,BSE 30",annual,2023,95208.39,24769.8,14.0,61.48,1.18,1.95,709.33
Reliance Industries,Energy,"Nifty 50,NSE 500,BSE 30",quarterly,2023-Q1,23802.0975,6192.45,14.0,15.37,1.18,0.4875,709.33
Reliance Industries,Energy,"Nifty 50,NSE 500,BSE 30",quarterly,2023-Q2,23802.0975,6192.45,14.0,15.37,1.18,0.4875,709.33
Reliance Industries,Energy,"Nifty 50,NSE 500,BSE 30",quarterly,2023-Q3,23802.0975,6192.45,14.0,15.37,1.18,0.4875,709.33
Reliance Industries,Energy,"Nifty 50,NSE 500,BSE 30",quarterly,2023-Q4,23802.0975,6192.45,14.0,15.37,1.18,0.4875,709.33
Reliance Industries,Energy,"Nifty 50,NSE 500,BSE 30",annual,2024,41713.41,23263.21,20.73,34.67,0.4,0.66,337.36
Reliance Industries,Energy,"Nifty 50,NSE 500,BSE 30",quarterly,2024-Q1,10428.3525,5815.8025,20.73,8.6675,0.4,0.165,337.36
Reliance Industries,Energy,"Nifty 50,NSE 500,BSE 30",quarterly,2024-Q2,10428.3525,5815.8025,20.73,8.6675,0.4,0.165,337.36
Reliance Industries,Energy,"Nifty 50,NSE 500,BSE 30",quarterly,2024-Q3,10428.3525,5815.8025,20.73,8.6675,0.4,0.165,337.36
Reliance Industries,Energy,"Nifty 50,NSE 500,BSE 30",quarterly,2024-Q4,10428.3525,5815.8025,20.73,8.6675,0.4,0.165,337.36
NTPC,Energy,NSE 500,annual,2015,119311.84,24776.04,16.89,146.72,0.14,1.14,1570.13
NTPC,Energy,NSE 500,quarterly,2015-Q1,29827.96,6194.01,16.89,36.68,0.14,0.285,1570.13
NTPC,Energy,NSE 500,quarterly,2015-Q2,29827.96,6194.01,16.89,36.68,0.14,0.285,1570.13
NTPC,Energy,NSE 500,quarterly,2015-Q3,29827.96,6194.01,16.89,36.68,0.14,0.285,1570.13
NTPC,Energy,NSE 500,quarterly,2015-Q4,29827.96,6194.01,16.89,36.68,0.14,0.285,1570.13
NTPC,Energy,NSE 500,annual,2016,148294.25,8870.15,24.91,191.11,0.93,1.85,2076.26
NTPC,Energy,NSE 500,quarterly,2016-Q1,37073.5625,2217.5375,24.91,47.7775,0.93,0.4625,2076.26
NTPC,Energy,NSE 500,quarterly,2016-Q2,37073.5625,2217.5375,24.91,47.7775,0.93,0.4625,2076.26
NTPC,Energy,NSE 500,quarterly,2016-Q3,37073.5625,2217.5375,24.91,47.7775,0.93,0.4625,2076.26
NTPC,Energy,NSE 500,quarterly,2016-Q4,37073.5625,2217.5375,24.91,47.7775,0.93,0.4625,2076.26
NTPC,Energy,NSE 500,annual,2017,133270.14,20962.6,12.6,178.69,1.06,1.63,600.47
NTPC,Energy,NSE 500,quarterly,2017-Q1,33317.535,5240.65,12.6,44.6725,1.06,0.4075,600.47
NTPC,Energy,NSE 500,quarterly,2017-Q2,33317.535,5240.65,12.6,44.6725,1.06,0.4075,600.47
NTPC,Energy,NSE 500,quarterly,2017-Q3,33317.535,5240.65,12.6,44.6725,1.06,0.4075,600.47
NTPC,Energy,NSE 500,quarterly,2017-Q4,33317.535,5240.65,12.6,44.6725,1.06,0.4075,600.47
NTPC,Energy,NSE 500,annual,2018,22860.26,4344.41,19.51,216.62,0.25,2.36,1795.32
NTPC,Energy,NSE 500,quarterly,2018-Q1,5715.065,1086.1025,19.51,54.155,0.25,0.59,1795.32
NTPC,Energy,NSE 500,quarterly,2018-Q2,5715.065,1086.1025,19.51,54.155,0.25,0.59,1795.32
NTPC,Energy,NSE 500,quarterly,2018-Q3,5715.065,1086.1025,19.51,54.155,0.25,0.59,1795.32
NTPC,Energy,NSE 500,quarterly,2018-Q4,5715.065,1086.1025,19.51,54.155,0.25,0.59,1795.32
NTPC,Energy,NSE 500,annual,2019,103390.75,24944.63,19.02,88.34,0.69,1.2,637.95
NTPC,Energy,NSE 500,quarterly,2019-Q1,25847.6875,6236.1575,19.02,22.085,0.69,0.3,637.95
NTPC,Energy,NSE 500,quarterly,2019-Q2,25847.6875,6236.1575,19.02,22.085,0.69,0.3,637.95
NTPC,Energy,NSE 500,quarterly,2019-Q3,25847.6875,6236.1575,19.02,22.085,0.69,0.3,637.95
NTPC,Energy,NSE 500,quarterly,2019-Q4,25847.6875,6236.1575,19.02,22.085,0.69,0.3,637.95
NTPC,Energy,NSE 500,annual,2020,30439.77,6478.25,22.71,189.83,0.27,1.38,793.84
NTPC,Energy,NSE 500,quarterly,2020-Q1,7609.9425,1619.5625,22.71,47.4575,0.27,0.345,793.84
NTPC,Energy,NSE 500,quarterly,2020-Q2,7609.9425,1619.5625,22.71,47.4575,0.27,0.345,793.84
NTPC,Energy,NSE 500,quarterly,2020-Q3,7609.9425,1619.5625,22.71,47.4575,0.27,0.345,793.84
NTPC,Energy,NSE 500,quarterly,2020-Q4,7609.9425,1619.5625,22.71,47.4575,0.27,0.345,793.84
NTPC,Energy,NSE 500,annual,2021,129504.38,12259.6,11.81,279.01,0.47,1.63,1332.71
NTPC,Energy,NSE 500,quarterly,2021-Q1,32376.095,3064.9,11.81,69.7525,0.47,0.4075,1332.71
NTPC,Energy,NSE 500,quarterly,2021-Q2,32376.095,3064.9,11.81,69.7525,0.47,0.4075,1332.71
NTPC,Energy,NSE 500,quarterly,2021-Q3,32376.095,3064.9,11.81,69.7525,0.47,0.4075,1332.71
NTPC,Energy,NSE 500,quarterly,2021-Q4,32376.095,3064.9,11.81,69.7525,0.47,0.4075,1332.71
NTPC,Energy,NSE 500,annual,2022,105197.94,25105.65,23.56,54.58,1.14,3.19,2358.07
NTPC,Energy,NSE 500,quarterly,2022-Q1,26299.485,6276.4125,23.56,13.645,1.14,0.7975,2358.07
NTPC,Energy,NSE 500,quarterly,2022-Q2,26299.485,6276.4125,23.56,13.645,1.14,0.7975,2358.07
NTPC,Energy,NSE 500,quarterly,2022-Q3,26299.485,6276.4125,23.56,13.645,1.14,0.7975,2358.07
NTPC,Energy,NSE 500,quarterly,2022-Q4,26299.485,6276.4125,23.56,13.645,1.14,0.7975,2358.07
NTPC,Energy,NSE 500,annual,2023,46774.14,13436.52,17.05,142.26,1.4,1.06,3174.87
NTPC,Energy,NSE 500,quarterly,2023-Q1,11693.535,3359.13,17.05,35.565,1.4,0.265,3174.87
NTPC,Energy,NSE 500,quarterly,2023-Q2,11693.535,3359.13,17.05,35.565,1.4,0.265,3174.87
NTPC,Energy,NSE 500,quarterly,2023-Q3,11693.535,3359.13,17.05,35.565,1.4,0.265,3174.87
NTPC,Energy,NSE 500,quarterly,2023-Q4,11693.535,3359.13,17.05,35.565,1.4,0.265,3174.87
NTPC,Energy,NSE 500,annual,2024,105008.32,8651.73,19.3,235.72,1.32,3.5,359.33
NTPC,Energy,NSE 500,quarterly,2024-Q1,26252.08,2162.9325,19.3,58.93,1.32,0.875,359.33
NTPC,Energy,NSE 500,quarterly,2024-Q2,26252.08,2162.9325,19.3,58.93,1.32,0.875,359.33
NTPC,Energy,NSE 500,quarterly,2024-Q3,26252.08,2162.9325,19.3,58.93,1.32,0.875,359.33
NTPC,Energy,NSE 500,quarterly,2024-Q4,26252.08,2162.9325,19.3,58.93,1.32,0.875,359.33
Sun Pharma,Pharma,"Nifty 50,NSE 500",annual,2015,31223.93,25523.65,8.21,30.79,0.64,0.67,2420.81
Sun Pharma,Pharma,"Nifty 50,NSE 500",quarterly,2015-Q1,7805.9825,6380.9125,8.21,7.6975,0.64,0.1675,2420.81
Sun Pharma,Pharma,"Nifty 50,NSE 500",quarterly,2015-Q2,7805.9825,6380.9125,8.21,7.6975,0.64,0.1675,2420.81
Sun Pharma,Pharma,"Nifty 50,NSE 500",quarterly,2015-Q3,7805.9825,6380.9125,8.21,7.6975,0.64,0.1675,2420.81
Sun Pharma,Pharma,"Nifty 50,NSE 500",quarterly,2015-Q4,7805.9825,6380.9125,8.21,7.6975,0.64,0.1675,2420.81
Sun Pharma,Pharma,"Nifty 50,NSE 500",annual,2016,89284.42,15162.59,18.42,61.89,1.09,1.16,2329.44
Sun Pharma,Pharma,"Nifty 50,NSE 500",quarterly,2016-Q1,22321.105,3790.6475,18.42,15.4725,1.09,0.29,2329.44
Sun Pharma,Pharma,"Nifty 50,NSE 500",quarterly,2016-Q2,22321.105,3790.6475,18.42,15.4725,1.09,0.29,2329.44
Sun Pharma,Pharma,"Nifty 50,NSE 500",quarterly,2016-Q3,22321.105,3790.6475,18.42,15.4725,1.09,0.29,2329.44
Sun Pharma,Pharma,"Nifty 50,NSE 500",quarterly,2016-Q4,22321.105,3790.6475,18.42,15.4725,1.09,0.29,2329.44
Sun Pharma,Pharma,"Nifty 50,NSE 500",annual,2017,140472.18,16366.74,12.21,140.21,0.96,1.06,114.43
Sun Pharma,Pharma,"Nifty 50,NSE 500",quarterly,2017-Q1,35118.045,4091.685,12.21,35.0525,0.96,0.265,114.43
Sun Pharma,Pharma,"Nifty 50,NSE 500",quarterly,2017-Q2,35118.045,4091.685,12.21,35.0525,0.96,0.265,114.43
Sun Pharma,Pharma,"Nifty 50,NSE 500",quarterly,2017-Q3,35118.045,4091.685,12.21,35.0525,0.96,0.265,114.43
Sun Pharma,Pharma,"Nifty 50,NSE 500",quarterly,2017-Q4,35118.045,4091.685,12.21,35.0525,0.96,0.265,114.43
Sun Pharma,Pharma,"Nifty 50,NSE 500",annual,2018,58109.39,9532.96,22.42,28.58,0.46,0.74,2930.49
Sun Pharma,Pharma,"Nifty 50,NSE 500",quarterly,2018-Q1,14527.3475,2383.24,22.42,7.145,0.46,0.185,2930.49
Sun Pharma,Pharma,"Nifty 50,NSE 500",quarterly,2018-Q2,14527.3475,2383.24,22.42,7.145,0.46,0.185,2930.49
Sun Pharma,Pharma,"Nifty 50,NSE 500",quarterly,2018-Q3,14527.3475,2383.24,22.42,7.145,0.46,0.185,2930.49
Sun Pharma,Pharma,"Nifty 50,NSE 500",quarterly,2018-Q4,14527.3475,2383.24,22.42,7.145,0.46,0.185,2930.49
Sun Pharma,Pharma,"Nifty 50,NSE 500",annual,2019,55890.77,2151.39,12.14,114.48,0.26,1.46,3333.53
Sun Pharma,Pharma,"Nifty 50,NSE 500",quarterly,2019-Q1,13972.6925,537.8475,12.14,28.62,0.26,0.365,3333.53
Sun Pharma,Pharma,"Nifty 50,NSE 500",quarterly,2019-Q2,13972.6925,537.8475,12.14,28.62,0.26,0.365,3333.53
Sun Pharma,Pharma,"Nifty 50,NSE 500",quarterly,2019-Q3,13972.6925,537.8475,12.14,28.62,0.26,0.365,3333.53
Sun Pharma,Pharma,"Nifty 50,NSE 500",quarterly,2019-Q4,13972.6925,537.8475,12.14,28.62,0.26,0.365,3333.53
Sun Pharma,Pharma,"Nifty 50,NSE 500",annual,2020,56604.6,23642.91,9.81,177.65,0.32,0.66,1162.61
Sun Pharma,Pharma,"Nifty 50,NSE 500",quarterly,2020-Q1,14151.15,5910.7275,9.81,44.4125,0.32,0.165,1162.61
Sun Pharma,Pharma,"Nifty 50,NSE 500",quarterly,2020-Q2,14151.15,5910.7275,9.81,44.4125,0.32,0.165,1162.61
Sun Pharma,Pharma,"Nifty 50,NSE 500",quarterly,2020-Q3,14151.15,5910.7275,9.81,44.4125,0.32,0.165,1162.61
Sun Pharma,Pharma,"Nifty 50,NSE 500",quarterly,2020-Q4,14151.15,5910.7275,9.81,44.4125,0.32,0.165,1162.61
Sun Pharma,Pharma,"Nifty 50,NSE 500",annual,2021,98189.31,20474.67,23.17,176.0,0.91,1.43,1078.11
Sun Pharma,Pharma,"Nifty 50,NSE 500",quarterly,2021-Q1,24547.3275,5118.6675,23.17,44.0,0.91,0.3575,1078.11
Sun Pharma,Pharma,"Nifty 50,NSE 500",quarterly,2021-Q2,24547.3275,5118.6675,23.17,44.0,0.91,0.3575,1078.11
Sun Pharma,Pharma,"Nifty 50,NSE 500",quarterly,2021-Q3,24547.3275,5118.6675,23.17,44.0,0.91,0.3575,1078.11
Sun Pharma,Pharma,"Nifty 50,NSE 500",quarterly,2021-Q4,24547.3275,5118.6675,23.17,44.0,0.91,0.3575,1078.11
Sun Pharma,Pharma,"Nifty 50,NSE 500",annual,2022,88275.38,8815.62,23.74,115.02,0.93,0.69,2509.48
Sun Pharma,Pharma,"Nifty 50,NSE 500",quarterly,2022-Q1,22068.845,2203.905,23.74,28.755,0.93,0.1725,2509.48
Sun Pharma,Pharma,"Nifty 50,NSE 500",quarterly,2022-Q2,22068.845,2203.905,23.74,28.755,0.93,0.1725,2509.48
Sun Pharma,Pharma,"Nifty 50,NSE 500",quarterly,2022-Q3,22068.845,2203.905,23.74,28.755,0.93,0.1725,2509.48
Sun Pharma,Pharma,"Nifty 50,NSE 500",quarterly,2022-Q4,22068.845,2203.905,23.74,28.755,0.93,0.1725,2509.48
Sun Pharma,Pharma,"Nifty 50,NSE 500",annual,2023,119232.03,16123.36,24.86,18.89,0.99,1.23,2818.92
Sun Pharma,Pharma,"Nifty 50,NSE 500",quarterly,2023-Q1,29808.0075,4030.84,24.86,4.7225,0.99,0.3075,2818.92
Sun Pharma,Pharma,"Nifty 50,NSE 500",quarterly,2023-Q2,29808.0075,4030.84,24.86,4.7225,0.99,0.3075,2818.92
Sun Pharma,Pharma,"Nifty 50,NSE 500",quarterly,2023-Q3,29808.0075,4030.84,24.86,4.7225,0.99,0.3075,2818.92
Sun Pharma,Pharma,"Nifty 50,NSE 500",quarterly,2023-Q4,29808.0075,4030.84,24.86,4.7225,0.99,0.3075,2818.92
Sun Pharma,Pharma,"Nifty 50,NSE 500",annual,2024,124755.18,4777.81,22.51,145.19,0.51,1.25,2608.75
Sun Pharma,Pharma,"Nifty 50,NSE 500",quarterly,2024-Q1,31188.795,1194.4525,22.51,36.2975,0.51,0.3125,2608.75
Sun Pharma,Pharma,"Nifty 50,NSE 500",quarterly,2024-Q2,31188.795,1194.4525,22.51,36.2975,0.51,0.3125,2608.75
Sun Pharma,Pharma,"Nifty 50,NSE 500",quarterly,2024-Q3,31188.795,1194.4525,22.51,36.2975,0.51,0.3125,2608.75
Sun Pharma,Pharma,"Nifty 50,NSE 500",quarterly,2024-Q4,31188.795,1194.4525,22.51,36.2975,0.51,0.3125,2608.75
Dr. Reddy's,Pharma,"Nifty 50,NSE 500",annual,2015,44392.66,5852.83,14.54,52.68,0.65,0.79,1839.67
Dr. Reddy's,Pharma,"Nifty 50,NSE 500",quarterly,2015-Q1,11098.165,1463.2075,14.54,13.17,0.65,0.1975,1839.67
Dr. Reddy's,Pharma,"Nifty 50,NSE 500",quarterly,2015-Q2,11098.165,1463.2075,14.54,13.17,0.65,0.1975,1839.67
Dr. Reddy's,Pharma,"Nifty 50,NSE 500",quarterly,2015-Q3,11098.165,1463.2075,14.54,13.17,0.65,0.1975,1839.67
Dr. Reddy's,Pharma,"Nifty 50,NSE 500",quarterly,2015-Q4,11098.165,1463.2075,14.54,13.17,0.65,0.1975,1839.67
Dr. Reddy's,Pharma,"Nifty 50,NSE 500",annual,2016,48060.38,19302.75,18.54,29.16,0.35,0.48,452.94
Dr. Reddy's,Pharma,"Nifty 50,NSE 500",quarterly,2016-Q1,12015.095,4825.6875,18.54,7.29,0.35,0.12,452.94
Dr. Reddy's,Pharma,"Nifty 50,NSE 500",quarterly,2016-Q2,12015.095,4825.6875,18.54,7.29,0.35,0.12,452.94
Dr. Reddy's,Pharma,"Nifty 50,NSE 500",quarterly,2016-Q3,12015.095,4825.6875,18.54,7.29,0.35,0.12,452.94
Dr. Reddy's,Pharma,"Nifty 50,NSE 500",quarterly,2016-Q4,12015.095,4825.6875,18.54,7.29,0.35,0.12,452.94
Dr. Reddy's,Pharma,"Nifty 50,NSE 500",annual,2017,32518.07,11413.21,10.55,63.1,1.41,0.3,2120.69
Dr. Reddy's,Pharma,"Nifty 50,NSE 500",quarterly,2017-Q1,8129.5175,2853.3025,10.55,15.775,1.41,0.075,2120.69
Dr. Reddy's,Pharma,"Nifty 50,NSE 500",quarterly,2017-Q2,8129.5175,2853.3025,10.55,15.775,1.41,0.075,2120.69
Dr. Reddy's,Pharma,"Nifty 50,NSE 500",quarterly,2017-Q3,8129.5175,2853.3025,10.55,15.775,1.41,0.075,2120.69
Dr. Reddy's,Pharma,"Nifty 50,NSE 500",quarterly,2017-Q4,8129.5175,2853.3025,10.55,15.775,1.41,0.075,2120.69
Dr. Reddy's,Pharma,"Nifty 50,NSE 500",annual,2018,92412.69,4405.64,16.85,117.0,0.2,0.33,3082.7
Dr. Reddy's,Pharma,"Nifty 50,NSE 500",quarterly,2018-Q1,23103.1725,1101.41,16.85,29.25,0.2,0.0825,3082.7
Dr. Reddy's,Pharma,"Nifty 50,NSE 500",quarterly,2018-Q2,23103.1725,1101.41,16.85,29.25,0.2,0.0825,3082.7
Dr. Reddy's,Pharma,"Nifty 50,NSE 500",quarterly,2018-Q3,23103.1725,1101.41,16.85,29.25,0.2,0.0825,3082.7
Dr. Reddy's,Pharma,"Nifty 50,NSE 500",quarterly,2018-Q4,23103.1725,1101.41,16.85,29.25,0.2,0.0825,3082.7
Dr. Reddy's,Pharma,"Nifty 50,NSE 500",annual,2019,66637.53,5643.33,13.94,11.29,0.26,0.51,882.4
Dr. Reddy's,Pharma,"Nifty 50,NSE 500",quarterly,2019-Q1,16659.3825,1410.8325,13.94,2.8225,0.26,0.1275,882.4
Dr. Reddy's,Pharma,"Nifty 50,NSE 500",quarterly,2019-Q2,16659.3825,1410.8325,13.94,2.8225,0.26,0.1275,882.4
Dr. Reddy's,Pharma,"Nifty 50,NSE 500",quarterly,2019-Q3,16659.3825,1410.8325,13.94,2.8225,0.26,0.1275,882.4
Dr. Reddy's,Pharma,"Nifty 50,NSE 500",quarterly,2019-Q4,16659.3825,1410.8325,13.94,2.8225,0.26,0.1275,882.4
Dr. Reddy's,Pharma,"Nifty 50,NSE 500",annual,2020,93209.25,18438.96,15.01,41.64,0.89,0.83,2567.22
Dr. Reddy's,Pharma,"Nifty 50,NSE 500",quarterly,2020-Q1,23302.3125,4609.74,15.01,10.41,0.89,0.2075,2567.22
Dr. Reddy's,Pharma,"Nifty 50,NSE 500",quarterly,2020-Q2,23302.3125,4609.74,15.01,10.41,0.89,0.2075,2567.22
Dr. Reddy's,Pharma,"Nifty 50,NSE 500",quarterly,2020-Q3,23302.3125,4609.74,15.01,10.41,0.89,0.2075,2567.22
Dr. Reddy's,Pharma,"Nifty 50,NSE 500",quarterly,2020-Q4,23302.3125,4609.74,15.01,10.41,0.89,0.2075,2567.22
Dr. Reddy's,Pharma,"Nifty 50,NSE 500",annual,2021,118447.08,25458.03,20.86,113.76,0.42,1.12,1434.66
Dr. Reddy's,Pharma,"Nifty 50,NSE 500",quarterly,2021-Q1,29611.77,6364.5075,20.86,28.44,0.42,0.28,1434.66
Dr. Reddy's,Pharma,"Nifty 50,NSE 500",quarterly,2021-Q2,29611.77,6364.5075,20.86,28.44,0.42,0.28,1434.66
Dr. Reddy's,Pharma,"Nifty 50,NSE 500",quarterly,2021-Q3,29611.77,6364.5075,20.86,28.44,0.42,0.28,1434.66
Dr. Reddy's,Pharma,"Nifty 50,NSE 500",quarterly,2021-Q4,29611.77,6364.5075,20.86,28.44,0.42,0.28,1434.66
Dr. Reddy's,Pharma,"Nifty 50,NSE 500",annual,2022,58117.04,10512.95,15.49,169.8,0.46,1.25,183.51
Dr. Reddy's,Pharma,"Nifty 50,NSE 500",quarterly,2022-Q1,14529.26,2628.2375,15.49,42.45,0.46,0.3125,183.51
Dr. Reddy's,Pharma,"Nifty 50,NSE 500",quarterly,2022-Q2,14529.26,2628.2375,15.49,42.45,0.46,0.3125,183.51
Dr. Reddy's,Pharma,"Nifty 50,NSE 500",quarterly,2022-Q3,14529.26,2628.2375,15.49,42.45,0.46,0.3125,183.51
Dr. Reddy's,Pharma,"Nifty 50,NSE 500",quarterly,2022-Q4,14529.26,2628.2375,15.49,42.45,0.46,0.3125,183.51
Dr. Reddy's,Pharma,"Nifty 50,NSE 500",annual,2023,42663.68,17644.36,15.69,90.7,0.82,1.37,987.66
Dr. Reddy's,Pharma,"Nifty 50,NSE 500",quarterly,2023-Q1,10665.92,4411.09,15.69,22.675,0.82,0.3425,987.66
Dr. Reddy's,Pharma,"Nifty 50,NSE 500",quarterly,2023-Q2,10665.92,4411.09,15.69,22.675,0.82,0.3425,987.66
Dr. Reddy's,Pharma,"Nifty 50,NSE 500",quarterly,2023-Q3,10665.92,4411.09,15.69,22.675,0.82,0.3425,987.66
Dr. Reddy's,Pharma,"Nifty 50,NSE 500",quarterly,2023-Q4,10665.92,4411.09,15.69,22.675,0.82,0.3425,987.66
Dr. Reddy's,Pharma,"Nifty 50,NSE 500",annual,2024,141394.19,16941.54,24.88,191.31,0.94,0.24,3066.71
Dr. Reddy's,Pharma,"Nifty 50,NSE 500",quarterly,2024-Q1,35348.5475,4235.385,24.88,47.8275,0.94,0.06,3066.71
Dr. Reddy's,Pharma,"Nifty 50,NSE 500",quarterly,2024-Q2,35348.5475,4235.385,24.88,47.8275,0.94,0.06,3066.71
Dr. Reddy's,Pharma,"Nifty 50,NSE 500",quarterly,2024-Q3,35348.5475,4235.385,24.88,47.8275,0.94,0.06,3066.71
Dr. Reddy's,Pharma,"Nifty 50,NSE 500",quarterly,2024-Q4,35348.5475,4235.385,24.88,47.8275,0.94,0.06,3066.71